

@book{CAR,
  title={Convex Analysis},
    author={Rockafellar, R. Tyrrell},
  publisher={Princeton University Press},
  year={1970},
}
@book{VA1998,
  title={Variational Analysis:
    Grundlehren der Mathematischen Wissenschaften},
  author={Rockafellar, R Tyrrell and Wets, Roger J-B},
  volume={317},
  year={1998},
  publisher={Springer-Verlag},
  address = {Berlin Heidelberg}
}

@book{boyd2013,
  title={Convex Optimization},
  author={Boyd, Stephen and Vandenberghe, Lieven},
  publisher={Cambridge university press},
  year={2004}
}


@book{bertsekas1999,
  title={Nonlinear Programming},
  author={Bertsekas, Dimitri P.},
  publisher={ Belmont: Athena Scientific},
  year={1999},
  edition = {2}
}

@book{nesterov2004,
  title={Introductory Lectures on Convex Optimization A Basic Course},
  author={Nesterov, Yurii},
  publisher={Kluwer Academic Publishers},
  address = {Boston/ Dordrecht / London},
  year={2004},
}


@book{Moler1977,
  title={Computer methods for mathematical computations},
  author={Forsythe, George Elmer and Moler, Cleve B and Malcolm, Michael A},
  year={1977},
}

@article{hunter2004,
  title={A Tutorial on MM Algorithms},
  author={Hunter, David R and Lange, Kenneth},
  journal={The American Statistician},
  volume={58},
  number={1},
  pages={30-37},
  year = {2014}
}

@article{rouzban2019,
  title={A Rate of Convergence for Two-Block Coordinate Descent},
  author={Rouzban, Seyyed Mohammad and Hosseini, Reshad},
  journal={arXiv preprint arXiv:1901.08794},
  year={2019}
}

@article{brent1973,
  title={Algorithms for Minimization Without Derivatives},
  author={Brent, Richard P.},
  journal={Mathematics of Computation},
  volume={19},
  number={5},
  year={1973},
}

@article{beck2009fista,
  title={A Fast Iterative Shrinkage-Thresholding Algorithm for Linear Inverse Problems},
  author={Beck, Amir and Teboulle, Marc},
  journal={Siam J Imaging Sciences},
  volume={2},
  number={1},
  pages={183-202},
  year={2009},
}

@article{becker2011templates,
  title={Templates for convex cone problems with applications to sparse signal recovery},
  author={Becker, Stephen R. and Cand\'{e}s, Emmanuel J. and Grant, Michael C.},
  journal={Mathematical Programming Computation},
  volume={3},
  number={3},
  pages={165},
  year={2011},
}

@article{wright2009sparse,
  title={Sparse Reconstruction by Separable Approximation},
  author={WRIGHT and Stephen, J and NOWAK and Robert, D and FIGUEIREDO and Mario, A. T},
  journal={IEEE Transactions on Signal Processing},
  volume={57},
  number={7},
  pages={2479-2493},
  year={2009},
}

@article{boyd2010ADMM,
  title={Distributed Optimization and Statistical Learning via the Alternating Direction Method of Multipliers},
  author={Boyd, Stephen and Parikh, Neal and Chu, Eric and Peleato, Borja and Eckstein, Jonathan},
  journal={Foundations \& Trends in Machine Learning},
  volume={3},
  number={1},
  pages={1-122},
  year={2010},
}






@article{An2005,
  title={The DC (Difference of Convex Functions) Programming and DCA Revisited with DC Models of Real World Nonconvex Optimization Problems},
  author={An, Le Thi Hoai and Tao, Pham Dinh},
  journal={Annals of Operations Research},
  volume={133},
  number={1-4},
  pages={23-46},
  year={2005},
}
@inproceedings{CCCP2001,
  author    = {Alan L. Yuille and   Anand Rangarajan},
  title     = {The Concave-Convex Procedure {(CCCP)}},
  booktitle = {Advances in Neural Information Processing Systems, {NIPS}},
  pages     = {1033-1040},
  year      = {2001},
  note       = {http://papers.nips.cc/paper/2125-the-concave-convex-procedure-cccp},
  biburl    = {https://dblp.org/rec/bib/conf/nips/YuilleR01},
  bibsource = {dblp computer science bibliography, https://dblp.org}
}

@article{yuille2003,
  title={The concave-convex procedure.},
  author={Yuille, A. L. and Rangarajan, A},
  journal={Neural Computation},
  volume={15},
  number={4},
  pages={915-936},
  year={2003},
}



@electronic{mosek,
  title={The MOSEK optimization software},
  author={MOSEK},
  url           = {http://www.mosek.com},
  year          = {2010}
}
@article{lanckriet04,
    AUTHOR  =  {G. R. G. Lanckriet and N. Cristiani and P. Bartlett and
    L. El Ghaoui and M. I. Jordan},
    TITLE   =  {Learning the kernel matrix with semidefinite programming},
    YEAR    =  {2004},
    JOURNAL =  {Journal of Machine Learning Research},
    VOLUME  =  {5},
    PAGES   =  {27--72}
    }



@article{Nemirovski09,
author = {Nemirovski, A. and Juditsky, A. and Lan, G. and Shapiro, A.},
title = {Robust Stochastic Approximation Approach to Stochastic Programming},
journal = {SIAM Journal on Optimization},
volume = {19},
number = {4},
pages = {1574-1609},
year = {2009}
}

@article{BalasHo1980,
    author = {Balas, E. and Ho, A.},
    journal = {Combinatorial Optimization},
    pages = {37--60},
    publisher = {Springer},
    title = {Set covering algorithms using cutting planes, heuristics, and subgradient optimization: a computational
    study},
    year = {1980}
}

@article{ertekin2010,
  title={Nonconvex online support vector machines.},
  author={Ertekin, S and Bottou, L and Giles, C. L.},
  journal={Pattern Analysis \& Machine Intelligence IEEE Transactions on},
  volume={33},
  number={2},
  pages={368-81},
  year={2010},
}
