@article{Zhang2018spatial,
  title={Spatial weights matrix selection and model averaging for spatial autoregressive models},
  author={Zhang, Xinyu and Yu, Jihai},
  journal={Journal of Econometrics},
  pages={1-18},
  volumn = {203},
  year = {2018}
}
@article{Kelejian2008,
  title={A spatial J-test for model specification against a single or a set of non-nested alternatives},
  author={Kelejian, Harry H.   },
  journal={Letters in Spatial \& Resource Sciences},
   pages={3-11},
  volumn = {1},
  year = {2008}
}
@article{Kelejian2011,
  title={An extension of Kelejian's J-test for non-nested spatial models},
  author={Kelejian, Harry H. and Piras, Gianfranco},
  journal={Regional Science \& Urban Economics},
  volume={41},
  number={3},
  pages={281-292},
  year = {2011}
}

@article{Kelejian2014,
  title={An Extension of the J-Test to a Spatial Panel Data Framework},
  author={Kelejian, Harry H. and Piras, Gianfranco},
  journal={Journal of Applied Econometrics},
  volume={31},
  number={2},
  pages={387-402},
  year= {2014}
}
